@inproceedings{Cai:2021:LS4CDCL,
  author       = {Shaowei Cai and
                  Xindi Zhang},
  title        = {Deep Cooperation of {CDCL} and Local Search for {SAT}},
  booktitle    = {Theory and Applications of Satisfiability Testing, {SAT}},
  year         = {2021},
  durl          = {https://doi.org/10.1007/978-3-030-80223-3\_6},
  doi          = {10.1007/978-3-030-80223-3\_6}
}

@article{Cai:2022:LSandTP,
  author       = {Shaowei Cai and
                  Xindi Zhang and
                  Mathias Fleury and
                  Armin Biere},
  title        = {Better Decision Heuristics in {CDCL} through Local Search and Target Phases},
  journal      = {J. Artif. Intell. Res.},
  volume       = {74},
  year         = {2022},
  Durl          = {https://doi.org/10.1613/jair.1.13666},
  doi          = {10.1613/JAIR.1.13666},
}

@inproceedings{Saikko:2016:LMHS,
  author       = {Paul Saikko and
                  Jeremias Berg and
                  Matti J{\"{a}}rvisalo},
  title        = {{LMHS:} {A} {SAT-IP} Hybrid MaxSAT Solver},
  booktitle    = {Theory and Applications of Satisfiability Testing, {SAT}},
  year         = {2016},
  Durl          = {https://doi.org/10.1007/978-3-319-40970-2\_34},
  doi          = {10.1007/978-3-319-40970-2\_34}
}

@inproceedings{Ihalainen:2023:UCGIHS,
  author       = {Hannes Ihalainen and
                  Jeremias Berg and
                  Matti J{\"{a}}rvisalo},
  title        = {Unifying Core-Guided and Implicit Hitting Set Based Optimization},
  booktitle    = {International Joint Conference on Artificial Intelligence, {IJCAI}},
  year         = {2023},
  Durl          = {https://doi.org/10.24963/ijcai.2023/215},
  doi          = {10.24963/IJCAI.2023/215}
}

@inproceedings{Gocht:2021:ParityReasoning,
  author       = {Stephan Gocht and
                  Jakob Nordstr{\"{o}}m},
  title        = {Certifying Parity Reasoning Efficiently Using Pseudo-Boolean Proofs},
  booktitle    = {Conference on Artificial Intelligence, {AAAI}},
  year         = {2021},
  Durl          = {https://doi.org/10.1609/aaai.v35i5.16494},
  doi          = {10.1609/AAAI.V35I5.16494}
}

@inproceedings{Nieuwenhuis:2024:PBPropa,
  author       = {Robert Nieuwenhuis and
                  Albert Oliveras and
                  Enric Rodr{\'{\i}}guez{-}Carbonell and
                  Rui Zhao},
  title        = {Speeding up Pseudo-Boolean Propagation},
  booktitle    = {Conference on Theory and Applications of Satisfiability Testing, {SAT}},
  year         = {2024},
  Durl          = {https://doi.org/10.4230/LIPIcs.SAT.2024.22},
  doi          = {10.4230/LIPICS.SAT.2024.22}
}

@inproceedings{DBLP:conf/sat/HeuleKM16,
  author       = {Marijn J. H. Heule and
                  Oliver Kullmann and
                  Victor W. Marek},
  title        = {Solving and Verifying the Boolean Pythagorean Triples Problem via Cube-and-Conquer},
  booktitle    = {Theory and Applications of Satisfiability Testing, {SAT}},
  year         = {2016},
  Durl          = {https://doi.org/10.1007/978-3-319-40970-2\_15},
  doi          = {10.1007/978-3-319-40970-2\_15}
}

@inproceedings{DBLP:conf/tacas/MichaelsonSHKW23,
  author       = {Dawn Michaelson and
                  Dominik Schreiber and
                  Marijn J. H. Heule and
                  Benjamin Kiesl{-}Reiter and
                  Michael W. Whalen},
  title        = {Unsatisfiability Proofs for Distributed Clause-Sharing {SAT} Solvers},
  booktitle    = {Tools and Algorithms for the Construction and Analysis of Systems, {TACAS}},
  year         = {2023},
  Durl          = {https://doi.org/10.1007/978-3-031-30823-9\_18},
  doi          = {10.1007/978-3-031-30823-9\_18}
}

@inproceedings{DBLP:conf/sat/000124,
  author       = {Dominik Schreiber},
  title        = {Trusted Scalable {SAT} Solving with On-The-Fly {LRAT} Checking},
  booktitle    = {Conference on Theory and Applications of Satisfiability Testing, {SAT}},
  year         = {2024},
  Durl          = {https://doi.org/10.4230/LIPIcs.SAT.2024.25},
  doi          = {10.4230/LIPICS.SAT.2024.25}
}

@article{DBLP:journals/fmsd/OsamaWB24,
  author       = {Muhammad Osama and
                  Anton Wijs and
                  Armin Biere},
  title        = {Certified {SAT} solving with {GPU} accelerated inprocessing},
  journal      = {Formal Methods Syst. Des.},
  volume       = {62},
  year         = {2024},
  Durl          = {https://doi.org/10.1007/s10703-023-00432-z},
  doi          = {10.1007/S10703-023-00432-Z}
}

@inproceedings{DBLP:conf/tacas/OsamaW19,
  author       = {Muhammad Osama and
                  Anton Wijs},
  title        = {Parallel {SAT} Simplification on {GPU} Architectures},
  booktitle    = {Tools and Algorithms for the Construction and Analysis of Systems, {TACAS}},
  year         = {2019},
  Durl          = {https://doi.org/10.1007/978-3-030-17462-0\_2},
  doi          = {10.1007/978-3-030-17462-0\_2}
}

@inproceedings{DBLP:conf/ijcai/ElffersGGNS18,
  author       = {Jan Elffers and
                  Jes{\'{u}}s Gir{\'{a}}ldez{-}Cru and
                  Stephan Gocht and
                  Jakob Nordstr{\"{o}}m and
                  Laurent Simon},
  title        = {Seeking Practical {CDCL} Insights from Theoretical {SAT} Benchmarks},
  booktitle    = {International Joint Conference on Artificial Intelligence, {IJCAI}},
  year         = {2018},
  Durl          = {https://doi.org/10.24963/ijcai.2018/181},
  doi          = {10.24963/IJCAI.2018/181}
}

@inproceedings{DBLP:conf/sat/BachIB22,
  author       = {Jakob Bach and
                  Markus Iser and
                  Klemens B{\"{o}}hm},
  title        = {A Comprehensive Study of k-Portfolios of Recent {SAT} Solvers},
  booktitle    = {International Conference on Theory and Applications of Satisfiability Testing, {SAT}},
  year         = {2022},
  Durl          = {https://doi.org/10.4230/LIPIcs.SAT.2022.2},
  doi          = {10.4230/LIPICS.SAT.2022.2}
}

@inproceedings{DBLP:conf/sat/ShaikP24,
  author       = {Irfansha Shaik and
                  Jaco van de Pol},
  title        = {Optimal Layout Synthesis for Deep Quantum Circuits on {NISQ} Processors with 100+ Qubits},
  booktitle    = {27th International Conference on Theory and Applications of Satisfiability Testing, {SAT}},
  year         = {2024},
  Durl          = {https://doi.org/10.4230/LIPIcs.SAT.2024.26},
  doi          = {10.4230/LIPICS.SAT.2024.26}
}

@inproceedings{DBLP:conf/sat/0002KSHD24,
  author       = {Jiong Yang and
                  Yaroslav A. Kharkov and
                  Yunong Shi and
                  Marijn J. H. Heule and
                  Bruno Dutertre},
  title        = {Quantum Circuit Mapping Based on Incremental and Parallel {SAT} Solving},
  booktitle    = {International Conference on Theory and Applications of Satisfiability Testing, {SAT}},
  year         = {2024},
  Durl          = {https://doi.org/10.4230/LIPIcs.SAT.2024.29},
  doi          = {10.4230/LIPICS.SAT.2024.29}
}

@article{DBLP:journals/corr/abs-2407-17454,
  author       = {Markus Iser},
  title        = {Automated Explanation Selection for Scientific Discovery},
  journal      = {CoRR},
  year         = {2024},
  Durl          = {https://doi.org/10.48550/arXiv.2407.17454},
  doi          = {10.48550/ARXIV.2407.17454}
}